<?xml version="1.0" encoding="UTF-8"?>
  <record xmlns="http://www.loc.gov/MARC21/slim" type="Authority">
    <leader>00000nz  a2200000nc 4500</leader>
    <controlfield tag="001">118639889</controlfield>
    <controlfield tag="003">DE-101</controlfield>
    <controlfield tag="005">20191120180223.0</controlfield>
    <controlfield tag="008">880701n||azznnaabn           | aaa    |c</controlfield>
    <datafield tag="024" ind1="7" ind2=" ">
      <subfield code="a">118639889</subfield>
      <subfield code="0">http://d-nb.info/gnd/118639889</subfield>
      <subfield code="2">gnd</subfield>
    </datafield>
    <datafield tag="035" ind1=" " ind2=" ">
      <subfield code="a">(DE-101)118639889</subfield>
    </datafield>
    <datafield tag="035" ind1=" " ind2=" ">
      <subfield code="a">(DE-588)118639889</subfield>
    </datafield>
    <datafield tag="035" ind1=" " ind2=" ">
      <subfield code="z">(DE-588)158331893</subfield>
    </datafield>
    <datafield tag="035" ind1=" " ind2=" ">
      <subfield code="z">(DE-588a)158331893</subfield>
      <subfield code="9">v:zg</subfield>
    </datafield>
    <datafield tag="035" ind1=" " ind2=" ">
      <subfield code="z">(DE-588)119720698</subfield>
    </datafield>
    <datafield tag="035" ind1=" " ind2=" ">
      <subfield code="z">(DE-588a)119720698</subfield>
      <subfield code="9">v:zg</subfield>
    </datafield>
    <datafield tag="035" ind1=" " ind2=" ">
      <subfield code="z">(DE-588)1089139713</subfield>
    </datafield>
    <datafield tag="035" ind1=" " ind2=" ">
      <subfield code="z">(DE-588a)118639889</subfield>
      <subfield code="9">v:zg</subfield>
    </datafield>
    <datafield tag="035" ind1=" " ind2=" ">
      <subfield code="z">(DE-588c)4072991-6</subfield>
      <subfield code="9">v:zg</subfield>
    </datafield>
    <datafield tag="040" ind1=" " ind2=" ">
      <subfield code="a">DE-101</subfield>
      <subfield code="c">DE-101</subfield>
      <subfield code="9">r:DE-101</subfield>
      <subfield code="b">ger</subfield>
      <subfield code="d">9999</subfield>
      <subfield code="e">rda</subfield>
    </datafield>
    <datafield tag="042" ind1=" " ind2=" ">
      <subfield code="a">gnd1</subfield>
    </datafield>
    <datafield tag="043" ind1=" " ind2=" ">
      <subfield code="c">XA-GB</subfield>
    </datafield>
    <datafield tag="065" ind1=" " ind2=" ">
      <subfield code="a">16.5p</subfield>
      <subfield code="2">sswd</subfield>
    </datafield>
    <datafield tag="075" ind1=" " ind2=" ">
      <subfield code="b">p</subfield>
      <subfield code="2">gndgen</subfield>
    </datafield>
    <datafield tag="075" ind1=" " ind2=" ">
      <subfield code="b">pik</subfield>
      <subfield code="2">gndspec</subfield>
    </datafield>
    <datafield tag="079" ind1=" " ind2=" ">
      <subfield code="a">g</subfield>
      <subfield code="q">a</subfield>
      <subfield code="q">f</subfield>
      <subfield code="q">s</subfield>
      <subfield code="q">z</subfield>
      <subfield code="q">h</subfield>
      <subfield code="q">t</subfield>
      <subfield code="u">v</subfield>
      <subfield code="u">w</subfield>
      <subfield code="u">k</subfield>
      <subfield code="u">o</subfield>
    </datafield>
    <datafield tag="100" ind1="0" ind2=" ">
      <subfield code="a">Jakob</subfield>
      <subfield code="b">I.</subfield>
      <subfield code="c">England, König</subfield>
      <subfield code="d">1566-1625</subfield>
    </datafield>
    <datafield tag="375" ind1=" " ind2=" ">
      <subfield code="a">1</subfield>
      <subfield code="2">iso5218</subfield>
    </datafield>
    <datafield tag="400" ind1="0" ind2=" ">
      <subfield code="a">Jacob</subfield>
      <subfield code="b">I.</subfield>
      <subfield code="c">England, König</subfield>
      <subfield code="d">1566-1625</subfield>
    </datafield>
    <datafield tag="400" ind1="0" ind2=" ">
      <subfield code="a">Jacob</subfield>
      <subfield code="b">I.</subfield>
      <subfield code="c">Großbritannien, König</subfield>
      <subfield code="d">1566-1625</subfield>
    </datafield>
    <datafield tag="400" ind1="0" ind2=" ">
      <subfield code="a">Jacob</subfield>
      <subfield code="b">I.</subfield>
      <subfield code="c">Anglia, Rex</subfield>
      <subfield code="d">1566-1625</subfield>
    </datafield>
    <datafield tag="400" ind1="0" ind2=" ">
      <subfield code="a">Jacob</subfield>
      <subfield code="b">VI.</subfield>
      <subfield code="c">Schottland, König</subfield>
      <subfield code="d">1566-1625</subfield>
    </datafield>
    <datafield tag="400" ind1="0" ind2=" ">
      <subfield code="a">Iacobus</subfield>
      <subfield code="b">I.</subfield>
      <subfield code="c">Magna Britannia, Rex</subfield>
      <subfield code="d">1566-1625</subfield>
    </datafield>
    <datafield tag="400" ind1="0" ind2=" ">
      <subfield code="a">Iacobus</subfield>
      <subfield code="b">I.</subfield>
      <subfield code="c">Inglaterra, rey</subfield>
      <subfield code="d">1566-1625</subfield>
    </datafield>
    <datafield tag="400" ind1="0" ind2=" ">
      <subfield code="a">Iacobus</subfield>
      <subfield code="b">I.</subfield>
      <subfield code="c">Magna Britannia et Hibernia, Rex</subfield>
      <subfield code="d">1566-1625</subfield>
    </datafield>
    <datafield tag="400" ind1="1" ind2=" ">
      <subfield code="a">Stuart, Jacobus</subfield>
      <subfield code="d">1566-1625</subfield>
    </datafield>
    <datafield tag="400" ind1="1" ind2=" ">
      <subfield code="a">Stuart, James</subfield>
      <subfield code="d">1566-1625</subfield>
    </datafield>
    <datafield tag="400" ind1="0" ind2=" ">
      <subfield code="a">Jacobus</subfield>
      <subfield code="c">Stuart</subfield>
      <subfield code="d">1566-1625</subfield>
    </datafield>
    <datafield tag="400" ind1="0" ind2=" ">
      <subfield code="a">Jacobus</subfield>
      <subfield code="b">I.</subfield>
      <subfield code="c">Angleterre, Rex</subfield>
      <subfield code="d">1566-1625</subfield>
    </datafield>
    <datafield tag="400" ind1="0" ind2=" ">
      <subfield code="a">Jacobus</subfield>
      <subfield code="b">I.</subfield>
      <subfield code="c">Angleterre, rec</subfield>
      <subfield code="d">1566-1625</subfield>
    </datafield>
    <datafield tag="400" ind1="0" ind2=" ">
      <subfield code="a">Jacobus</subfield>
      <subfield code="b">I.</subfield>
      <subfield code="c">Anglia, Rex</subfield>
      <subfield code="d">1566-1625</subfield>
    </datafield>
    <datafield tag="400" ind1="0" ind2=" ">
      <subfield code="a">Jacobus</subfield>
      <subfield code="c">der Erste</subfield>
      <subfield code="d">1566-1625</subfield>
    </datafield>
    <datafield tag="400" ind1="0" ind2=" ">
      <subfield code="a">Jacobus</subfield>
      <subfield code="c">Francia, Rex</subfield>
      <subfield code="d">1566-1625</subfield>
    </datafield>
    <datafield tag="400" ind1="0" ind2=" ">
      <subfield code="a">Jacobus</subfield>
      <subfield code="c">Hibernia, Rex</subfield>
      <subfield code="d">1566-1625</subfield>
    </datafield>
    <datafield tag="400" ind1="0" ind2=" ">
      <subfield code="a">Jacobus</subfield>
      <subfield code="b">I.</subfield>
      <subfield code="c">Hibernia, Rex</subfield>
      <subfield code="d">1566-1625</subfield>
    </datafield>
    <datafield tag="400" ind1="0" ind2=" ">
      <subfield code="a">Jacobus</subfield>
      <subfield code="b">I.</subfield>
      <subfield code="c">Groß-Britannien, König</subfield>
      <subfield code="d">1566-1625</subfield>
    </datafield>
    <datafield tag="400" ind1="0" ind2=" ">
      <subfield code="a">Jacobus</subfield>
      <subfield code="b">I.</subfield>
      <subfield code="c">Großbritannien, König</subfield>
      <subfield code="d">1566-1625</subfield>
    </datafield>
    <datafield tag="400" ind1="0" ind2=" ">
      <subfield code="a">Jacobus</subfield>
      <subfield code="b">I.</subfield>
      <subfield code="c">Groot Britannien, Koninck</subfield>
      <subfield code="d">1566-1625</subfield>
    </datafield>
    <datafield tag="400" ind1="0" ind2=" ">
      <subfield code="a">Jacobus</subfield>
      <subfield code="b">I.</subfield>
      <subfield code="c">Magna Britannia, Rex</subfield>
      <subfield code="d">1566-1625</subfield>
    </datafield>
    <datafield tag="400" ind1="0" ind2=" ">
      <subfield code="a">Jacobus</subfield>
      <subfield code="b">I.</subfield>
      <subfield code="c">England, König</subfield>
      <subfield code="d">1566-1625</subfield>
    </datafield>
    <datafield tag="400" ind1="0" ind2=" ">
      <subfield code="a">Jacobus</subfield>
      <subfield code="b">I.</subfield>
      <subfield code="c">Britannia, Rex</subfield>
      <subfield code="d">1566-1625</subfield>
    </datafield>
    <datafield tag="400" ind1="0" ind2=" ">
      <subfield code="a">Jacobus</subfield>
      <subfield code="b">I.</subfield>
      <subfield code="c">Groß-Britannien, Franckreich und Irland, König</subfield>
      <subfield code="d">1566-1625</subfield>
    </datafield>
    <datafield tag="400" ind1="0" ind2=" ">
      <subfield code="a">Jacobus</subfield>
      <subfield code="b">VI.</subfield>
      <subfield code="c">Scotia, Rex</subfield>
      <subfield code="d">1566-1625</subfield>
    </datafield>
    <datafield tag="400" ind1="0" ind2=" ">
      <subfield code="a">Jacobus</subfield>
      <subfield code="b">VI.</subfield>
      <subfield code="c">Scotland, Rex</subfield>
      <subfield code="d">1566-1625</subfield>
    </datafield>
    <datafield tag="400" ind1="0" ind2=" ">
      <subfield code="a">Jacobus</subfield>
      <subfield code="b">VI.</subfield>
      <subfield code="c">Schottland, König</subfield>
      <subfield code="d">1566-1625</subfield>
    </datafield>
    <datafield tag="400" ind1="0" ind2=" ">
      <subfield code="a">Jacobus</subfield>
      <subfield code="b">VI.</subfield>
      <subfield code="c">Großbritannien, König</subfield>
      <subfield code="d">1566-1625</subfield>
    </datafield>
    <datafield tag="400" ind1="0" ind2=" ">
      <subfield code="a">Jacobus</subfield>
      <subfield code="b">VI.</subfield>
      <subfield code="c">Großbritannien und Frankreich, König</subfield>
      <subfield code="d">1566-1625</subfield>
    </datafield>
    <datafield tag="400" ind1="0" ind2=" ">
      <subfield code="a">Jacobus</subfield>
      <subfield code="b">VI.</subfield>
      <subfield code="c">Conick</subfield>
      <subfield code="d">1566-1625</subfield>
    </datafield>
    <datafield tag="400" ind1="0" ind2=" ">
      <subfield code="a">Jakob</subfield>
      <subfield code="b">I.</subfield>
      <subfield code="c">Großbritannien, König</subfield>
      <subfield code="d">1566-1625</subfield>
    </datafield>
    <datafield tag="400" ind1="0" ind2=" ">
      <subfield code="a">Jakob</subfield>
      <subfield code="b">VI.</subfield>
      <subfield code="c">Schottland, König</subfield>
      <subfield code="d">1566-1625</subfield>
    </datafield>
    <datafield tag="400" ind1="0" ind2=" ">
      <subfield code="a">James</subfield>
      <subfield code="b">I.</subfield>
      <subfield code="c">Angleterre, roi</subfield>
      <subfield code="d">1566-1625</subfield>
    </datafield>
    <datafield tag="400" ind1="0" ind2=" ">
      <subfield code="a">James</subfield>
      <subfield code="b">I.</subfield>
      <subfield code="c">England, König</subfield>
      <subfield code="d">1566-1625</subfield>
    </datafield>
    <datafield tag="400" ind1="0" ind2=" ">
      <subfield code="a">James</subfield>
      <subfield code="b">I.</subfield>
      <subfield code="c">England, King</subfield>
      <subfield code="d">1566-1625</subfield>
    </datafield>
    <datafield tag="400" ind1="0" ind2=" ">
      <subfield code="a">James</subfield>
      <subfield code="b">I.</subfield>
      <subfield code="c">Great Britain, King</subfield>
      <subfield code="d">1566-1625</subfield>
    </datafield>
    <datafield tag="400" ind1="0" ind2=" ">
      <subfield code="a">James</subfield>
      <subfield code="b">I.</subfield>
      <subfield code="c">Großbritannien, König</subfield>
      <subfield code="d">1566-1625</subfield>
    </datafield>
    <datafield tag="400" ind1="0" ind2=" ">
      <subfield code="a">James</subfield>
      <subfield code="c">King of Great Britain and Ireland</subfield>
      <subfield code="d">1566-1625</subfield>
    </datafield>
    <datafield tag="400" ind1="0" ind2=" ">
      <subfield code="a">James</subfield>
      <subfield code="c">King of Great Britain, Ireland and France</subfield>
      <subfield code="d">1566-1625</subfield>
    </datafield>
    <datafield tag="400" ind1="0" ind2=" ">
      <subfield code="a">James</subfield>
      <subfield code="c">Great Britain, Ireland and France, King</subfield>
      <subfield code="d">1566-1625</subfield>
    </datafield>
    <datafield tag="400" ind1="0" ind2=" ">
      <subfield code="a">James</subfield>
      <subfield code="b">VI.</subfield>
      <subfield code="c">Scotland, King</subfield>
      <subfield code="d">1566-1625</subfield>
    </datafield>
    <datafield tag="400" ind1="0" ind2=" ">
      <subfield code="a">James</subfield>
      <subfield code="b">VI.</subfield>
      <subfield code="c">Schottland, König</subfield>
      <subfield code="d">1566-1625</subfield>
    </datafield>
    <datafield tag="400" ind1="1" ind2=" ">
      <subfield code="a">Philopatris, C.</subfield>
      <subfield code="d">1566-1625</subfield>
      <subfield code="4">pseu</subfield>
      <subfield code="4">https://d-nb.info/standards/elementset/gnd#pseudonym</subfield>
      <subfield code="w">r</subfield>
      <subfield code="i">Pseudonym</subfield>
      <subfield code="e">Pseudonym</subfield>
    </datafield>
    <datafield tag="400" ind1="0" ind2=" ">
      <subfield code="a">Jacques</subfield>
      <subfield code="b">I.</subfield>
      <subfield code="c">Grandebretagne, roi</subfield>
      <subfield code="d">1566-1625</subfield>
    </datafield>
    <datafield tag="400" ind1="0" ind2=" ">
      <subfield code="a">Jacques</subfield>
      <subfield code="b">I.</subfield>
      <subfield code="c">Grand' Bretaigne, roy</subfield>
      <subfield code="d">1566-1625</subfield>
    </datafield>
    <datafield tag="400" ind1="0" ind2=" ">
      <subfield code="a">Jacques</subfield>
      <subfield code="b">I.</subfield>
      <subfield code="c">Grand' Bretagne, roy</subfield>
      <subfield code="d">1566-1625</subfield>
    </datafield>
    <datafield tag="400" ind1="0" ind2=" ">
      <subfield code="a">Jacques</subfield>
      <subfield code="b">I.</subfield>
      <subfield code="c">Grande Bretagne, roi</subfield>
      <subfield code="d">1566-1625</subfield>
    </datafield>
    <datafield tag="400" ind1="0" ind2=" ">
      <subfield code="a">Jacques</subfield>
      <subfield code="b">I.</subfield>
      <subfield code="c">Grossbritannien, König</subfield>
      <subfield code="d">1566-1625</subfield>
    </datafield>
    <datafield tag="400" ind1="0" ind2=" ">
      <subfield code="a">Jacques</subfield>
      <subfield code="b">I.</subfield>
      <subfield code="c">Angleterre, roy</subfield>
      <subfield code="d">1566-1625</subfield>
    </datafield>
    <datafield tag="400" ind1="0" ind2=" ">
      <subfield code="a">Jacques</subfield>
      <subfield code="b">I.</subfield>
      <subfield code="c">Angleterre, roi</subfield>
      <subfield code="d">1566-1625</subfield>
    </datafield>
    <datafield tag="400" ind1="0" ind2=" ">
      <subfield code="a">Jacques</subfield>
      <subfield code="b">I.</subfield>
      <subfield code="c">France, roy</subfield>
      <subfield code="d">1566-1625</subfield>
    </datafield>
    <datafield tag="400" ind1="0" ind2=" ">
      <subfield code="a">Jacques</subfield>
      <subfield code="b">I.</subfield>
      <subfield code="c">Irlande, roy</subfield>
      <subfield code="d">1566-1625</subfield>
    </datafield>
    <datafield tag="400" ind1="0" ind2=" ">
      <subfield code="a">Jacques</subfield>
      <subfield code="b">VI.</subfield>
      <subfield code="c">Écosse, roi</subfield>
      <subfield code="d">1566-1625</subfield>
    </datafield>
    <datafield tag="400" ind1="0" ind2=" ">
      <subfield code="a">Jaques</subfield>
      <subfield code="b">I.</subfield>
      <subfield code="c">Grandebretagne, roi</subfield>
      <subfield code="d">1566-1625</subfield>
    </datafield>
    <datafield tag="400" ind1="0" ind2=" ">
      <subfield code="a">Jacques</subfield>
      <subfield code="b">VI.</subfield>
      <subfield code="d">1566-1625</subfield>
    </datafield>
    <datafield tag="500" ind1="0" ind2=" ">
      <subfield code="0">(DE-101)118577808</subfield>
      <subfield code="0">(DE-588)118577808</subfield>
      <subfield code="0">https://d-nb.info/gnd/118577808</subfield>
      <subfield code="a">Maria</subfield>
      <subfield code="c">Schottland, Königin</subfield>
      <subfield code="d">1542-1587</subfield>
      <subfield code="4">bezf</subfield>
      <subfield code="4">https://d-nb.info/standards/elementset/gnd#familialRelationship</subfield>
      <subfield code="w">r</subfield>
      <subfield code="i">Beziehung familiaer</subfield>
      <subfield code="e">Beziehung familiaer</subfield>
      <subfield code="9">v:Mutter</subfield>
    </datafield>
    <datafield tag="500" ind1="1" ind2=" ">
      <subfield code="0">(DE-101)119528517</subfield>
      <subfield code="0">(DE-588)119528517</subfield>
      <subfield code="0">https://d-nb.info/gnd/119528517</subfield>
      <subfield code="a">Darnley, Henry Stuart</subfield>
      <subfield code="d">1545-1567</subfield>
      <subfield code="4">bezf</subfield>
      <subfield code="4">https://d-nb.info/standards/elementset/gnd#familialRelationship</subfield>
      <subfield code="w">r</subfield>
      <subfield code="i">Beziehung familiaer</subfield>
      <subfield code="e">Beziehung familiaer</subfield>
      <subfield code="9">v:Vater</subfield>
    </datafield>
    <datafield tag="500" ind1="0" ind2=" ">
      <subfield code="0">(DE-101)120844648</subfield>
      <subfield code="0">(DE-588)120844648</subfield>
      <subfield code="0">https://d-nb.info/gnd/120844648</subfield>
      <subfield code="a">Anna</subfield>
      <subfield code="c">England, Königin, 1574-1619</subfield>
      <subfield code="d">1574-1619</subfield>
      <subfield code="4">bezf</subfield>
      <subfield code="4">https://d-nb.info/standards/elementset/gnd#familialRelationship</subfield>
      <subfield code="w">r</subfield>
      <subfield code="i">Beziehung familiaer</subfield>
      <subfield code="e">Beziehung familiaer</subfield>
      <subfield code="9">v:Gemahlin</subfield>
    </datafield>
    <datafield tag="500" ind1="0" ind2=" ">
      <subfield code="0">(DE-101)134153855</subfield>
      <subfield code="0">(DE-588)134153855</subfield>
      <subfield code="0">https://d-nb.info/gnd/134153855</subfield>
      <subfield code="a">Henry Frederick</subfield>
      <subfield code="c">Wales, Prinz</subfield>
      <subfield code="d">1594-1612</subfield>
      <subfield code="4">bezf</subfield>
      <subfield code="4">https://d-nb.info/standards/elementset/gnd#familialRelationship</subfield>
      <subfield code="w">r</subfield>
      <subfield code="i">Beziehung familiaer</subfield>
      <subfield code="e">Beziehung familiaer</subfield>
      <subfield code="9">v:Sohn</subfield>
    </datafield>
    <datafield tag="500" ind1="0" ind2=" ">
      <subfield code="0">(DE-101)119352540</subfield>
      <subfield code="0">(DE-588)119352540</subfield>
      <subfield code="0">https://d-nb.info/gnd/119352540</subfield>
      <subfield code="a">Elisabeth</subfield>
      <subfield code="c">Pfalz, Kurfürstin</subfield>
      <subfield code="d">1596-1662</subfield>
      <subfield code="4">bezf</subfield>
      <subfield code="4">https://d-nb.info/standards/elementset/gnd#familialRelationship</subfield>
      <subfield code="w">r</subfield>
      <subfield code="i">Beziehung familiaer</subfield>
      <subfield code="e">Beziehung familiaer</subfield>
      <subfield code="9">v:Tochter</subfield>
    </datafield>
    <datafield tag="500" ind1="0" ind2=" ">
      <subfield code="0">(DE-101)118720856</subfield>
      <subfield code="0">(DE-588)118720856</subfield>
      <subfield code="0">https://d-nb.info/gnd/118720856</subfield>
      <subfield code="a">Karl</subfield>
      <subfield code="b">I.</subfield>
      <subfield code="c">England, König</subfield>
      <subfield code="d">1600-1649</subfield>
      <subfield code="4">bezf</subfield>
      <subfield code="4">https://d-nb.info/standards/elementset/gnd#familialRelationship</subfield>
      <subfield code="w">r</subfield>
      <subfield code="i">Beziehung familiaer</subfield>
      <subfield code="e">Beziehung familiaer</subfield>
      <subfield code="9">v:Sohn</subfield>
    </datafield>
    <datafield tag="548" ind1=" " ind2=" ">
      <subfield code="a">1566-1625</subfield>
      <subfield code="4">datl</subfield>
      <subfield code="4">https://d-nb.info/standards/elementset/gnd#dateOfBirthAndDeath</subfield>
      <subfield code="w">r</subfield>
      <subfield code="i">Lebensdaten</subfield>
    </datafield>
    <datafield tag="550" ind1=" " ind2=" ">
      <subfield code="0">(DE-101)040315169</subfield>
      <subfield code="0">(DE-588)4031516-2</subfield>
      <subfield code="0">https://d-nb.info/gnd/4031516-2</subfield>
      <subfield code="a">König</subfield>
      <subfield code="4">adel</subfield>
      <subfield code="4">https://d-nb.info/standards/elementset/gnd#titleOfNobility</subfield>
      <subfield code="w">r</subfield>
      <subfield code="i">Adelstitel</subfield>
    </datafield>
    <datafield tag="550" ind1=" " ind2=" ">
      <subfield code="0">(DE-101)040004643</subfield>
      <subfield code="0">(DE-588)4000464-8</subfield>
      <subfield code="0">https://d-nb.info/gnd/4000464-8</subfield>
      <subfield code="a">Adel</subfield>
      <subfield code="4">obin</subfield>
      <subfield code="4">https://d-nb.info/standards/elementset/gnd#broaderTermInstantial</subfield>
      <subfield code="w">r</subfield>
      <subfield code="i">Oberbegriff instantiell</subfield>
    </datafield>
    <datafield tag="550" ind1=" " ind2=" ">
      <subfield code="0">(DE-101)040533093</subfield>
      <subfield code="0">(DE-588)4053309-8</subfield>
      <subfield code="0">https://d-nb.info/gnd/4053309-8</subfield>
      <subfield code="a">Schriftsteller</subfield>
      <subfield code="4">berc</subfield>
      <subfield code="4">https://d-nb.info/standards/elementset/gnd#professionOrOccupation</subfield>
      <subfield code="w">r</subfield>
      <subfield code="i">Charakteristischer Beruf</subfield>
    </datafield>
    <datafield tag="551" ind1=" " ind2=" ">
      <subfield code="0">(DE-101)040135578</subfield>
      <subfield code="0">(DE-588)4013557-3</subfield>
      <subfield code="0">https://d-nb.info/gnd/4013557-3</subfield>
      <subfield code="a">Edinburgh</subfield>
      <subfield code="4">ortg</subfield>
      <subfield code="4">https://d-nb.info/standards/elementset/gnd#placeOfBirth</subfield>
      <subfield code="w">r</subfield>
      <subfield code="i">Geburtsort</subfield>
    </datafield>
    <datafield tag="667" ind1=" " ind2=" ">
      <subfield code="a">7</subfield>
    </datafield>
    <datafield tag="667" ind1=" " ind2=" ">
      <subfield code="a">12</subfield>
    </datafield>
    <datafield tag="667" ind1=" " ind2=" ">
      <subfield code="a">384</subfield>
    </datafield>
    <datafield tag="667" ind1=" " ind2=" ">
      <subfield code="a">VD-17</subfield>
    </datafield>
    <datafield tag="670" ind1=" " ind2=" ">
      <subfield code="a">BLC</subfield>
    </datafield>
    <datafield tag="670" ind1=" " ind2=" ">
      <subfield code="a">Wikipedia</subfield>
      <subfield code="u">https://de.wikipedia.org/wiki/Jakob_I._(England)</subfield>
    </datafield>
    <datafield tag="672" ind1=" " ind2="0">
      <subfield code="a">James &lt;Great Britain, King, I.&gt;: New Poems. - 1911</subfield>
    </datafield>
    <datafield tag="672" ind1=" " ind2="0">
      <subfield code="a">James &lt;Great Britain, King, I.&gt;: Lusus Regius. - 1901</subfield>
    </datafield>
    <datafield tag="678" ind1=" " ind2=" ">
      <subfield code="b">1567 als Säugling (nach der Gefangennahme und Abdankung seiner Mutter) unter dem Namen Jakob VI. zum schottischen König ernannt; 1603 als Jakob I. König von England und König von Irland</subfield>
    </datafield>
    <datafield tag="913" ind1=" " ind2=" ">
      <subfield code="S">pnd</subfield>
      <subfield code="i">5</subfield>
      <subfield code="a">James &lt;England, King, I.&gt;</subfield>
      <subfield code="0">(DE-588a)118639889</subfield>
    </datafield>
    <datafield tag="913" ind1=" " ind2=" ">
      <subfield code="S">pnd</subfield>
      <subfield code="i">5</subfield>
      <subfield code="a">Jakob &lt;England, König, I.&gt;</subfield>
      <subfield code="0">(DE-588a)118639889</subfield>
    </datafield>
    <datafield tag="913" ind1=" " ind2=" ">
      <subfield code="S">pnd</subfield>
      <subfield code="i">5</subfield>
      <subfield code="a">James VI. &lt;König von Schottland&gt;</subfield>
      <subfield code="0">(DE-588a)119720698</subfield>
    </datafield>
    <datafield tag="913" ind1=" " ind2=" ">
      <subfield code="S">pnd</subfield>
      <subfield code="i">a</subfield>
      <subfield code="a">Jakob I., König v. England</subfield>
      <subfield code="0">(DE-588a)158331893</subfield>
    </datafield>
  </record>
